@book{wickham2016r,
  title={R for data science: import, tidy, transform, visualize, and model data},
  author={Wickham, Hadley and Grolemund, Garrett},
  year={2016},
  publisher={" O'Reilly Media, Inc."},
  url={https://r4ds.had.co.nz/index.html}
}

@article{wickham2016elegant,
  title={Elegant graphics for data analysis},
  author={Wickham, Hadley},
  publisher={Springer},
  year = {2016},
  url={https://ggplot2-book.org/}
}

@book{healy2018data,
  title={Data visualization: a practical introduction},
  author={Healy, Kieran},
  year={2018},
  publisher={Princeton University Press},
  url={https://socviz.co/}
}

@book{mitchell2018web,
  title={Web scraping with Python: Collecting more data from the modern web},
  author={Mitchell, Ryan},
  year={2018},
  publisher={" O'Reilly Media, Inc."}
}

@book{silge2017text,
  title={Text mining with {R}: A tidy approach},
  author={Silge, Julia and Robinson, David},
  year={2017},
  url={https://www.tidytextmining.com/},
  publisher={"O'Reilly Media, Inc."}
}

@online{niekler2020,
    author = {Niekler, Andreas and Wiedemann, Gregor},
    title = {Text mining in {R} for the social sciences and digital humanities},
    year = 2020,
    url = {https://tm4ss.github.io/docs/index.html},
    urldate = {2020-10-08}
}

@online{clark2018text,
    author = {Clark, Michael},
    title = {An Introduction to Text Processing and Analysis with {R}},
    year = 2018,
    url = {https://m-clark.github.io/text-analysis-with-R/},
    urldate = {2018-09-09}
}

@online{tchalian2017computational,
    author = {Tchalian, Hovig and Nelson, Laura},
    title = {Computational Text Analysis for Humanists and Social Scientists},
    year = 2017,
    url = {https://github.com/lknelson/text-analysis-2017},
    urldate = {2017-05-24}
}

@online{schweinberger2021pos,
    author = {Schweinberger, Martin},
    title = {POS-Tagging and Syntactic Parsing with {R}},
    year = 2021,
    url = {https://slcladal.github.io/tagging.html#2_POS-Tagging_with_openNLP},
    urldate = {2021-04-12}
}

@misc{jurafsky2014speech,
  title={Speech and language processing. Vol. 3},
  author={Jurafsky, Dan and Martin, James H},
  year={forthcoming},
  url={http://www.web.stanford.edu/~jurafsky/slp3/},
  publisher={Pearson London London}
}

@online{schmidt,
  title={Word Embeddings for the digital humanities},
  author={Schmidt, Ben},
  urldate={2015-10-25},
  year = 2015,
  url={http://bookworm.benschmidt.org/posts/2015-10-25-Word-Embeddings.html}
}
