@article{shiller2017narrative,
  title={Narrative economics},
  author={Shiller, Robert J},
  journal={American Economic Review},
  volume={107},
  number={4},
  pages={967--1004},
  year={2017}
}

@book{shiller2020narrative,
  title={Narrative economics: How stories go viral and drive major economic events},
  author={Shiller, Robert J},
  year={2020},
  publisher={Princeton University Press}
}

@article{stone1979revival,
  title={The revival of narrative: reflections on a new old history},
  author={Stone, Lawrence},
  journal={Past \& Present},
  number={85},
  pages={3--24},
  year={1979},
  publisher={JSTOR}
}

@book{boldizzoni2011poverty,
  title={The poverty of Clio: Resurrecting economic history},
  author={Boldizzoni, Francesco},
  year={2011},
  publisher={Princeton University Press}
}

@article{blevins2016digital,
  title={Digital history’s perpetual future tense},
  author={Blevins, Cameron},
  journal={Debates in the Digital Humanities},
  pages={308--324},
  year={2016},
  publisher={JSTOR}
}

@book{shiller2015irrational,
  title={Irrational exuberance: Revised and expanded third edition},
  author={Shiller, Robert J},
  year={2015},
  publisher={Princeton university press}
}

@book{kindleberger1978manias,
  title={Manias, panics, and crashes: a history of financial crises},
  author={Kindleberger, Charles P},
  year={1978},
  publisher={Macmillan}
}

@book{akerlof2010animal,
  title={Animal spirits: How human psychology drives the economy, and why it matters for global capitalism},
  author={Akerlof, George A and Shiller, Robert J},
  year={2010},
  publisher={Princeton university press}
}

@book{minsky2008stabilizing,
  title={Stabilizing an unstable economy},
  author={Minsky, Hyman P and Kaufman, Henry},
  volume={1},
  year={2008[1986]},
  publisher={McGraw-Hill New York}
}

@book{minsky1976john,
  title={John Maynard Keynes},
  author={Minsky, Hyman P},
  year={1976},
  publisher={Springer}
}

@article{akerlof2016bread,
  title={Bread and bullets},
  author={Akerlof, George A and Snower, Dennis J},
  journal={Journal of Economic Behavior \& Organization},
  volume={126},
  pages={58--71},
  year={2016},
  publisher={Elsevier}
}

@article{commons1931institutional,
  title={Institutional economics},
  author={Commons, John R},
  journal={The American economic review},
  pages={648--657},
  year={1931},
  publisher={JSTOR}
}

@article{hodgson2006institutions,
  title={What are institutions?},
  author={Hodgson, Geoffrey M},
  journal={Journal of economic issues},
  volume={40},
  number={1},
  pages={1--25},
  year={2006},
  publisher={Taylor \& Francis}
}

@article{volchik2017narrativnaia,
  title={Narrativnaia i institutsional'naia ekonomika},
  author={Vol'chik, Viacheslav Vital'evich},
  journal={Zhurnal institutsional'nykh issledovanii},
  volume={9},
  number={4},
  year={2017},
  pages={132--143},
  publisher={Gumanitarnye perspektivy}
}

@book{braudel1972mediterranean,
volume = {1},
publisher = {Collins},
year = {1972},
title = {The {Mediterranean} and the {Mediterranean} world in the age of {Philip} {II}},
address = {London},
author = {Braudel, Fernand}
}

@article{hobsbawm1980revival,
  title={The revival of narrative: some comments},
  author={Hobsbawm, Eric J},
  journal={Past \& Present},
  number={86},
  pages={3--8},
  year={1980},
  publisher={JSTOR}
}

@book{sewell2005logics,
  title={Logics of history: Social theory and social transformation},
  author={Sewell Jr, William H},
  year={2005},
  publisher={University of Chicago Press}
}

@article{devries2013return,
  title={The return from the return to narrative},
  author={de Vries, Jan},
  year={2013},
  journal={Max Weber Lecture},
  number={01},
  publisher={European University Institute}
}

@article{devries2018changing,
Author = {de Vries, Jan},
Journal = {Journal of Interdisciplinary History},
Number = {3},
Pages = {313--334},
Title = {Changing the Narrative: The New History That Was and Is to Come},
Volume = {48},
Year = {2018}
}

@article{devries2019playing,
    author = {de Vries, Jan},
    title = {Playing with Scales: The Global and the Micro, the Macro and the Nano},
    journal = {Past \& Present},
    volume = {242},
    number = {Supplement 14},
    pages = {23--36},
    year = {2019},
    month = {11},
    doi = {10.1093/pastj/gtz043},
    url = {https://doi.org/10.1093/pastj/gtz043},
    eprint = {http://oup.prod.sis.lan/past/article-pdf/242/Supplement\_14/23/31082953/gtz043.pdf}
}

@article{gutmann2018big,
  title={``Big data'' in economic history},
  author={Gutmann, Myron P and Merchant, Emily Klancher and Roberts, Evan},
  journal={The journal of economic history},
  volume={78},
  number={1},
  pages={268--299},
  year={2018},
  publisher={NIH Public Access}
}

@article{sewell2010strange,
  title={A strange career: The historical study of economic life},
  author={Sewell Jr, William H},
  journal={History and Theory},
  volume={49},
  number={4},
  pages={146--166},
  year={2010},
  publisher={Wiley Online Library}
}

@book{fogel1974time,
  title={Time on the Cross: Evidence and Methods, a Supplement},
  author={Fogel, Robert William and Engerman, Stanley L},
  volume={1},
  year={1974},
  publisher={Little, Brown}
}

@article{lamoreaux2016beyond,
journal = {Routledge handbook of global economic history},
pages = {35--54},
publisher = {Routledge},
year = {2016},
title = {Beyond the old and the new: economic history in the United States},
author = {Lamoreaux, Naomi R}
}

@article{daston2009science,
  title={Science studies and the history of science},
  author={Daston, Lorraine},
  journal={Critical inquiry},
  volume={35},
  number={4},
  pages={798--813},
  year={2009},
  publisher={The University of Chicago Press}
}

@article{wilkens2013geographic,
  title={The geographic imagination of Civil War-era American fiction},
  author={Wilkens, Matthew},
  journal={American literary history},
  volume={25},
  number={4},
  pages={803--840},
  year={2013},
  publisher={Oxford University Press}
}

@book{graham2020exploring,
  title={Exploring big historical data: The historian's macroscope},
  author={Graham, Shawn and Milligan, Ian and Weingart, Scott},
  year={forthcoming},
  edition={2nd},
  url = {http://www.themacroscope.org/2.0/},
  publisher={World Scientific Publishing Company}
}

@article{mosteller_inference_1963,
	title = {Inference in an {Authorship} {Problem}},
	volume = {58},
	issn = {01621459},
	url = {https://www.jstor.org/stable/2283270?origin=crossref},
	doi = {10.2307/2283270},
	number = {302},
	urldate = {2019-03-01TZ},
	journal = {Journal of the American Statistical Association},
	author = {Mosteller, Frederick and Wallace, David L.},
	year = {1963},
	pages = {275}
}

@article{tetlock_giving_2007,
	title = {Giving {Content} to {Investor} {Sentiment}: {The} {Role} of {Media} in the {Stock} {Market}},
	volume = {62},
	shorttitle = {Giving {Content} to {Investor} {Sentiment}},
	number = {3},
	journal = {The Journal of Finance},
	author = {Tetlock, Paul C.},
	year = {2007},
	pages = {1139--1168}
}

@misc{stone1966general,
  title={The general inquirer: A computer approach to content analysis},
  author={Stone, Philip J and Dunphy, Dexter C and Smith, Marshall S},
  year={1966},
  publisher={MIT press}
}

@misc{jurafsky2014speech,
  title={Speech and language processing. Vol. 3},
  author={Jurafsky, Dan and Martin, James H},
  year={forthcoming},
  url={https://web.stanford.edu/~jurafsky/slp3/},
  publisher={Pearson London London}
}

@article{baker2016measuring,
  title={Measuring economic policy uncertainty},
  author={Baker, Scott R and Bloom, Nicholas and Davis, Steven J},
  journal={The quarterly journal of economics},
  volume={131},
  number={4},
  pages={1593--1636},
  year={2016},
  publisher={Oxford University Press}
}

@article{gentzkow2019text,
  title={Text as data},
  author={Gentzkow, Matthew and Kelly, Bryan and Taddy, Matt},
  journal={Journal of Economic Literature},
  volume={57},
  number={3},
  pages={535--74},
  year={2019}
}

@article{cowles1933can,
  title={Can stock market forecasters forecast?},
  author={Cowles 3rd, Alfred},
  journal={Econometrica: Journal of the Econometric Society},
  pages={309--324},
  year={1933},
  publisher={JSTOR}
}

@article{loughran_when_2011,
	title = {When {Is} a {Liability} {Not} a {Liability}? {Textual} {Analysis}, {Dictionaries}, and 10-{Ks}},
	volume = {66},
	number = {1},
	journal = {The Journal of Finance},
	author = {Loughran, Tim and Mcdonald, Bill},
	year = {2011},
	pages = {35--65}
}

@article{blevins2014space,
  title={Space, nation, and the triumph of region: A view of the world from Houston},
  author={Blevins, Cameron},
  journal={The Journal of American History},
  volume={101},
  number={1},
  pages={122--147},
  year={2014},
  publisher={Oxford University Press}
}

@article{klingenstein_civilizing_2014,
  title={The civilizing process in London’s Old Bailey},
  author={Klingenstein, Sara and Hitchcock, Tim and DeDeo, Simon},
  journal={Proceedings of the National Academy of Sciences},
  volume={111},
  number={26},
  pages={9419--9424},
  year={2014},
  publisher={National Academy of Sciences}
}

@book{moretti2013distant,
  title={Distant reading},
  author={Moretti, Franco},
  year={2013},
  publisher={Verso Books}
}

@book{jockers2013macroanalysis,
  title={Macroanalysis: Digital methods and literary history},
  author={Jockers, Matthew L},
  year={2013},
  publisher={University of Illinois Press}
}

@article{putnam_transnational_2016,
  title={The Transnational and the Text-Searchable: Digitized Sources and the Shadows They Cast},
  author={Putnam, Lara},
  journal={The American Historical Review},
  volume={121},
  number={2},
  pages={377--402},
  year={2016},
  publisher={Oxford University Press}
}

@article{hitchcock2013confronting,
author = {Tim Hitchcock},
title = {Confronting the Digital},
journal = {Cultural and Social History},
volume = {10},
number = {1},
pages = {9-23},
year  = {2013},
publisher = {Routledge}
}

@article{blaxill_quantifying_2013,
  title={Quantifying the language of British politics, 1880--1910},
  author={Blaxill, Luke},
  journal={Historical Research},
  volume={86},
  number={232},
  pages={313--341},
  year={2013},
  publisher={Oxford University Press}
}

@article{nelson2020computational,
  title={Computational grounded theory: A methodological framework},
  author={Nelson, Laura K},
  journal={Sociological Methods \& Research},
  volume={49},
  number={1},
  pages={3--42},
  year={2020},
  publisher={SAGE Publications Sage CA: Los Angeles, CA}
}

@incollection{stulpe2016blended,
  title={Blended reading: Theoretische und praktische Dimensionen der Analyse von 
  Text und sozialer Wirklichkeit in Zeitalter der Digitalisierung},
  author={Stulpe, Alexander and Lemke, Matthias},
  booktitle={Text Mining in den Sozialwissenschaften},
  pages={17--61},
  year={2016},
  publisher={Springer}
}

@article{funk2018spine,
	title = {The {Spine} of {American} {Law}: {Digital} {Text} {Analysis} and {U}.{S}. {Legal} {Practice}},
	volume = {123},
	number = {1},
	journal = {The American Historical Review},
	author = {Funk, Kellen and Mullen, Lincoln A.},
	year = {2018},
	pages = {132--164}
}

@article{schmidt2016digital,
  title={Do digital humanists need to understand algorithms?},
  author={Schmidt, Benjamin M},
  journal={Debates in the Digital Humanities},
  volume={2016},
  pages={53},
  year={2016},
  publisher={JSTOR}
}

@article{roberts2016model,
  title={A model of text for experimentation in the social sciences},
  author={Roberts, Margaret E and Stewart, Brandon M and Airoldi, Edoardo M},
  journal={Journal of the American Statistical Association},
  volume={111},
  number={515},
  pages={988--1003},
  year={2016},
  publisher={Taylor \& Francis}
}

@article{blei2012probabilistic,
  title={Probabilistic topic models},
  author={Blei, David M},
  journal={Communications of the ACM},
  volume={55},
  number={4},
  pages={77--84},
  year={2012},
  publisher={ACM New York, NY, USA}
}

@article{blei2009topic,
  title={Topic models},
  author={Blei, David M and Lafferty, John D},
  journal={Text mining: classification, clustering, and applications},
  volume={10},
  number={71},
  pages={34},
  year={2009},
  publisher={CRC Press Boca Raton, FL}
}

@article{blei2003latent,
  title={Latent dirichlet allocation},
  author={Blei, David M and Ng, Andrew Y and Jordan, Michael I},
  journal={Journal of machine Learning research},
  volume={3},
  pages={993--1022},
  year={2003}
}

@article{blei2012topic,
  title={Topic modeling and digital humanities},
  author={Blei, David M},
  journal={Journal of Digital Humanities},
  volume={2},
  number={1},
  pages={8--11},
  year={2012}
}

@inbook{binder2016alien,
 author = {Jeffrey M. Binder},
 booktitle = {Debates in the Digital Humanities 2016},
 pages = {201--217},
 publisher = {University of Minnesota Press},
 title = {Alien Reading: Text Mining, Language Standardization, and the Humanities},
 year = {2016}
}

@article{rhody2012topic,
  title={Topic Modeling and Figurative Language},
  author={Rhody, Lisa M},
  journal={Journal of Digital Humanities},
  volume={2},
  number={1},
  year={2012}
}

@incollection{westman1990proof,
  booktitle={Reappraisals of the scientific revolution},
  editor={Lindberg, David C and Westman, Robert S},
  title={Proof, poetics and patronage: Copernicus' preface to De revolutionibus},
  year={1990},
  author = {Westman, Robert},
  pages={167--208},
  publisher={Cambridge University Press}
}

@article{friedman1953methodology,
  title={The methodology of positive economics},
  author={Friedman, Milton},
  journal={Essays in positive economics},
  volume={3},
  number={3},
  pages={145--178},
  year={1953},
  publisher={Chicago}
}

@inproceedings{blei2006dynamic,
  title={Dynamic topic models},
  author={Blei, David M and Lafferty, John D},
  booktitle={Proceedings of the 23rd international conference on Machine learning},
  pages={113--120},
  year={2006}
}

@article{newman_probabilistic_2006,
journal = {Journal of the American Society for Information Science and Technology},
pages = {753--767},
volume = {57},
publisher = {Wiley Subscription Services, Inc., A Wiley Company},
number = {6},
year = {2006},
title = {Probabilistic topic decomposition of an eighteenth‐century American newspaper},
address = {Hoboken},
author = {Newman, David J. and Block, Sharon}
}

@article{cerchiello_assessing_2018,
  title={Assessing news contagion in finance},
  author={Cerchiello, Paola and Nicola, Giancarlo},
  journal={Econometrics},
  volume={6},
  number={1},
  pages={5},
  year={2018},
  publisher={Multidisciplinary Digital Publishing Institute}
}

@article{schmidt2012words,
  title={Words Alone: Dismantling Topic Models in the Humanities},
  author={Schmidt, Benjamin M},
  journal={Journal of Digital Humanities},
  volume={2},
  number={1},
  year={2012}
}

@article{larsen2019value,
journal = {Journal of Econometrics},
pages = {203--218},
volume = {210},
publisher = {Elsevier B.V},
number = {1},
year = {2019},
title = {The value of news for economic developments},
author = {Larsen, Vegard H and Thorsrud, Leif A}
}

@article{thorsrud2020words,
  title={Words are the new numbers: A newsy coincident index of the business cycle},
  author={Thorsrud, Leif Anders},
  journal={Journal of Business \& Economic Statistics},
  volume={38},
  number={2},
  pages={393--409},
  year={2020},
  publisher={Taylor \& Francis}
}

@article{kim_political_2017,
  title={Political cleavages within industry: firm-level lobbying for trade liberalization},
  author={Kim, In Song},
  journal={American Political Science Review},
  volume={111},
  number={1},
  pages={1--20},
  year={2017},
  publisher={Cambridge University Press}
}

@article{geese2020immigration,
  title={Immigration-related Speechmaking in a Party-constrained Parliament: Evidence from the ‘Refugee Crisis’ of the 18th German Bundestag (2013--2017)},
  author={Geese, Lucas},
  journal={German Politics},
  volume={29},
  number={2},
  pages={201--222},
  year={2020},
  publisher={Taylor \& Francis}
}

@article{hansen2018transparency,
  title={Transparency and deliberation within the FOMC: a computational linguistics approach},
  author={Hansen, Stephen and McMahon, Michael and Prat, Andrea},
  journal={The Quarterly Journal of Economics},
  volume={133},
  number={2},
  pages={801--870},
  year={2018},
  publisher={Oxford University Press}
}

@article{bellstam2020text,
  title={A text-based analysis of corporate innovation},
  author={Bellstam, Gustaf and Bhagat, Sanjai and Cookson, J Anthony},
  journal={Management Science},
  year={2020},
  publisher={INFORMS}
}

@article{miller2013rebellion,
  title={Rebellion, crime and violence in Qing China, 1722--1911: a topic modeling approach},
  author={Miller, Ian Matthew},
  journal={Poetics},
  volume={41},
  number={6},
  pages={626--649},
  year={2013},
  publisher={Elsevier}
}

@article{dimaggio2013exploiting,
  title={Exploiting affinities between topic modeling and the sociological perspective on culture: Application to newspaper coverage of US government arts funding},
  author={DiMaggio, Paul and Nag, Manish and Blei, David},
  journal={Poetics},
  volume={41},
  number={6},
  pages={570--606},
  year={2013},
  publisher={Elsevier}
}

@book{elias1994civilizing,
  title={The civilizing process},
  author={Elias, Norbert and Jephcott, Edmund},
  volume={2},
  year={1994},
  publisher={Blackwell Oxford}
}

@article{fligstein2017seeing,
  title={Seeing like the {Fed}: Culture, cognition, and framing in the failure to anticipate the financial crisis of 2008},
  author={Fligstein, Neil and Stuart Brundage, Jonah and Schultz, Michael},
  journal={American Sociological Review},
  volume={82},
  number={5},
  pages={879--909},
  year={2017},
  publisher={SAGE Publications Sage CA: Los Angeles, CA}
}

@article{guldi2019parliament,
  title={Parliament's Debates about Infrastructure: An Exercise in Using Dynamic Topic Models to Synthesize Historical Change},
  author={Guldi, Jo},
  journal={Technology and culture},
  volume={60},
  number={1},
  pages={1--33},
  year={2019},
  publisher={Johns Hopkins University Press}
}

@article {farrell2016corporate,
	author = {Farrell, Justin},
	title = {Corporate funding and ideological polarization about climate change},
	volume = {113},
	number = {1},
	pages = {92--97},
	year = {2016},
	publisher = {National Academy of Sciences},
	URL = {https://www.pnas.org/content/113/1/92},
	journal = {Proceedings of the National Academy of Sciences}
}

@article{blaydes2018mirrors,
  title={Mirrors for Princes and Sultans: Advice on the Art of Governance in the Medieval Christian and Islamic Worlds},
  author={Blaydes, Lisa and Grimmer, Justin and McQueen, Alison},
  journal={The Journal of Politics},
  volume={80},
  number={4},
  pages={1150--1167},
  year={2018},
  publisher={University of Chicago Press Chicago, IL}
}

@article{kuhn2018using,
  title={Using structural topic modeling to identify latent topics and trends in aviation incident reports},
  author={Kuhn, Kenneth D},
  journal={Transportation Research Part C: Emerging Technologies},
  volume={87},
  pages={105--122},
  year={2018},
  publisher={Elsevier}
}

@article{chakrabarti2017mixed,
  title={A mixed-methods framework for analyzing text data: Integrating computational techniques with qualitative methods in demography},
  author={Chakrabarti, Parijat and Frye, Margaret},
  journal={Demographic Research},
  volume={37},
  pages={1351--1382},
  year={2017},
  publisher={JSTOR}
}

@article{lynam2016exploring,
 URL = {http://www.jstor.org/stable/26270001},
 author = {Timothy Lynam},
 journal = {Ecology and Society},
 number = {4},
 publisher = {Resilience Alliance Inc.},
 title = {Exploring social representations of adapting to climate change using topic modeling and Bayesian networks},
 volume = {21},
 year = {2016}
}

@article{tvinnereim2017citizens,
  title={Citizens’ preferences for tackling climate change. Quantitative and qualitative analyses of their freely formulated solutions},
  author={Tvinnereim, Endre and Fl{\o}ttum, Kjersti and Gjerstad, {\O}yvind and Johannesson, Mikael Poul and Nord{\o}, {\AA}sta Dyrnes},
  journal={Global Environmental Change},
  volume={46},
  pages={34--41},
  year={2017},
  publisher={Elsevier}
}

@inbook{gavin2019spaces,
 URL = {http://www.jstor.org/stable/10.5749/j.ctvg251hk.24},
 author = {Gavin, Michael and Jennings, Collin and Kersey, Lauren and Pasanek, Brad},
 booktitle = {Debates in the Digital Humanities 2019},
 pages = {243--267},
 publisher = {University of Minnesota Press},
 title = {Spaces of Meaning: Conceptual History, Vector Semantics, and Close Reading},
 year = {2019}
}

@inproceedings{pennington2014glove,
  title={Glove: Global vectors for word representation},
  author={Pennington, Jeffrey and Socher, Richard and Manning, Christopher D},
  booktitle={Proceedings of the 2014 conference on empirical methods in natural language processing (EMNLP)},
  pages={1532--1543},
  year={2014}
}

@inproceedings{mikolov2013distributed,
  title={Distributed representations of words and phrases and their compositionality},
  author={Mikolov, Tomas and Sutskever, Ilya and Chen, Kai and Corrado, Greg S and Dean, Jeff},
  booktitle={Advances in neural information processing systems},
  pages={3111--3119},
  year={2013}
}

@inproceedings{hamilton2016cultural,
  title={Cultural shift or linguistic drift? comparing two computational measures of semantic change},
  author={Hamilton, William L and Leskovec, Jure and Jurafsky, Dan},
  booktitle={Proceedings of the Conference on Empirical Methods in Natural Language Processing. Conference on Empirical Methods in Natural Language Processing},
  volume={2016},
  pages={2116},
  year={2016},
  organization={NIH Public Access}
}

@inproceedings{kulkarni2015statistically,
  title={Statistically significant detection of linguistic change},
  author={Kulkarni, Vivek and Al-Rfou, Rami and Perozzi, Bryan and Skiena, Steven},
  booktitle={Proceedings of the 24th International Conference on World Wide Web},
  pages={625--635},
  year={2015}
}

@article{hamilton2016diachronic,
  title={Diachronic word embeddings reveal statistical laws of semantic change},
  author={Hamilton, William L and Leskovec, Jure and Jurafsky, Dan},
  journal={arXiv preprint arXiv:1605.09096},
  year={2016}
}

@article{kozlowski2019geometry,
  title={The geometry of culture: Analyzing the meanings of class through word embeddings},
  author={Kozlowski, Austin C and Taddy, Matt and Evans, James A},
  journal={American Sociological Review},
  volume={84},
  number={5},
  pages={905--949},
  year={2019},
  publisher={SAGE Publications Sage CA: Los Angeles, CA}
}

@inproceedings{bolukbasi2016man,
  title={Man is to computer programmer as woman is to homemaker? {Debiasing} word embeddings},
  author={Bolukbasi, Tolga and Chang, Kai-Wei and Zou, James Y and Saligrama, Venkatesh and Kalai, Adam T},
  booktitle={Advances in neural information processing systems},
  pages={4349--4357},
  year={2016}
}

@article{caliskan2017semantics,
  title={Semantics derived automatically from language corpora contain human-like biases},
  author={Caliskan, Aylin and Bryson, Joanna J and Narayanan, Arvind},
  journal={Science},
  volume={356},
  number={6334},
  pages={183--186},
  year={2017},
  publisher={American Association for the Advancement of Science}
}

@article{gonen2019lipstick,
  title={Lipstick on a pig: Debiasing methods cover up systematic gender biases in word embeddings but do not remove them},
  author={Gonen, Hila and Goldberg, Yoav},
  journal={arXiv preprint arXiv:1903.03862},
  year={2019}
}

@inproceedings{gurciullo2017detecting,
	address = {Xi'an},
	title = {Detecting policy preferences and dynamics in the {UN} general debate with neural word embeddings},
	isbn = {9781538631485},
	url = {http://ieeexplore.ieee.org/document/8253197/},
	doi = {10.1109/FADS.2017.8253197},
	urldate = {2020-05-04},
	booktitle = {2017 {International} {Conference} on the {Frontiers} and {Advances} in {Data} {Science} ({FADS})},
	publisher = {IEEE},
	author = {Gurciullo, Stefano and Mikhaylov, Slava J.},
	month = oct,
	year = {2017},
	pages = {74--79}
}

@article{soto2019breaking,
	title = {Breaking the {Word} {Bank}: {Effects} of {Verbal} {Uncertainty} on {Bank} {Behavior}},
	issn = {1556-5068},
	shorttitle = {Breaking the {Word} {Bank}},
	url = {https://www.ssrn.com/abstract=3347329},
	doi = {10.2139/ssrn.3347329},
	language = {en},
	urldate = {2020-05-04},
	journal = {SSRN Electronic Journal},
	author = {Soto, Paul E.},
	year = {2019}
}

@article{moreno2020application,
  title={Application of text mining to the analysis of climate-related disclosures},
  author={Moreno, {\'A}ngel Iv{\'a}n and Caminero, Teresa},
  journal={Documentos de Trabajo/Banco de Espa{\~n}a, 2035},
  year={2020},
  publisher={Banco de Espa{\~n}a}
}

@article{grimmer2013text,
  title={Text as data: The promise and pitfalls of automatic content analysis methods for political texts},
  author={Grimmer, Justin and Stewart, Brandon M},
  journal={Political analysis},
  volume={21},
  number={3},
  pages={267--297},
  year={2013},
  publisher={Cambridge University Press}
}

@article{skinner1969meaning,
  title={Meaning and Understanding in the History of Ideas},
  author={Skinner, Quentin},
  journal={History and theory},
  volume={8},
  number={1},
  pages={3--53},
  year={1969},
  publisher={JSTOR}
}

@misc{barens2013animal,
  title={‘Animal Spirits’ in John Maynard Keynes’s General Theory of Employment, Interest and Money},
  author={Barens, Ingo},
  booktitle={Keynes, Sraffa, and the Criticism of Neoclassical Theory},
  editor={Salvadori, Neri and Gehrke, Christian},
  pages={21--33},
  year={2011},
  publisher={Routledge London}
}

@book{beckert2016imagined,
  title={Imagined futures: Fictional expectations and capitalist dynamics},
  author={Beckert, Jens},
  year={2016},
  publisher={Harvard University Press}
}

@article{muller_wert_2018,
  title={Der {Wert} der {Worte}--{Wie} digitale {Methoden} helfen, {Kommunikations-}und {Wirtschaftswissenschaft} zu verkn{\"u}pfen},
  author={M{\"u}ller, Henrik and von Nordheim, Gerret and Boczek, Karin and Koppers, Lars and Rahnenf{\"u}hrer, J{\"o}rg},
  journal={Publizistik},
  volume={63},
  number={4},
  pages={557--582},
  year={2018},
  publisher={Springer}
}

@article{wehrheim2019economic,
  title={Economic history goes digital: topic modeling the Journal of Economic History},
  author={Wehrheim, Lino},
  journal={Cliometrica},
  volume={13},
  number={1},
  pages={83--125},
  year={2019},
  publisher={Springer}
}

@article{grajzl2019toward,
  title={Toward understanding 17th century English culture: A structural topic model of Francis Bacon's ideas},
  author={Grajzl, Peter and Murrell, Peter},
  journal={Journal of Comparative Economics},
  volume={47},
  number={1},
  pages={111--135},
  year={2019},
  publisher={Elsevier}
}

@book{daston2007objectivity,
publisher = {Zone Books},
isbn = {9781890951788},
year = {2007},
title = {Objectivity},
address = {New York},
author = {Daston, Lorraine and Galison, Peter},
keywords = {Objectivity; Erkjennelsesteori; Objektivitet; objektivitet; epistemologi; naturvitenskap},
}

@article{levingston2020minsky,
  title={Minsky’s moment? The rise of depoliticised Keynesianism and ideational change at the Federal Reserve after the financial crisis of 2007/08},
  author={Levingston, Oliver},
  journal={Review of International Political Economy},
  pages={1--28},
  year={2020},
  publisher={Taylor \& Francis}
}

@book{jockers2020text,
  title={Text Analysis with R},
  author={Jockers, Matthew L and Thalken, Rosamond},
  year={2020},
  publisher={Springer}
}

@article{welbers2017text,
  title={Text analysis in {R}},
  author={Welbers, Kasper and Van Atteveldt, Wouter and Benoit, Kenneth},
  journal={Communication Methods and Measures},
  volume={11},
  number={4},
  pages={245--265},
  year={2017},
  publisher={Taylor \& Francis}
}

@book{silge2017text,
  title={Text mining with R: A tidy approach},
  author={Silge, Julia and Robinson, David},
  year={2017},
  url={https://www.tidytextmining.com/},
  publisher={O'Reilly Media, Inc.}
}

@misc{dittmar2019new,
  title={New media and competition: printing and Europe's transformation after Gutenberg},
  author={Dittmar, Jeremiah and Seabold, Skipper},
  year={2019},
  publisher={Centre for Economic Performance, LSE}
}

@article{gentzkow2019measuring,
  title={Measuring group differences in high-dimensional choices: method and application to congressional speech},
  author={Gentzkow, Matthew and Shapiro, Jesse M and Taddy, Matt},
  journal={Econometrica},
  volume={87},
  number={4},
  pages={1307--1340},
  year={2019},
  publisher={Wiley Online Library}
}

@article{gentzkow2010drives,
  title={What drives media slant? Evidence from US daily newspapers},
  author={Gentzkow, Matthew and Shapiro, Jesse M},
  journal={Econometrica},
  volume={78},
  number={1},
  pages={35--71},
  year={2010},
  publisher={Wiley Online Library}
}

@article{benoit2007estimating,
  title={Estimating party policy positions: Comparing expert surveys and hand-coded content analysis},
  author={Benoit, Kenneth and Laver, Michael},
  journal={Electoral Studies},
  volume={26},
  number={1},
  pages={90--107},
  year={2007},
  publisher={Elsevier}
}

@article{slapin2008scaling,
  title={A scaling model for estimating time-series party positions from texts},
  author={Slapin, Jonathan B and Proksch, Sven-Oliver},
  journal={American Journal of Political Science},
  volume={52},
  number={3},
  pages={705--722},
  year={2008},
  publisher={Wiley Online Library}
}

@article{ash2019ideas,
  title={Ideas have consequences: the impact of law and economics on American justice},
  author={Ash, Elliott and Chen, Daniel L and Naidu, Suresh},
  journal={Center for Law \& Economics Working Paper Series},
  volume={4},
  year={2019},
  publisher={Center for Law \& Economics, ETH Zurich}
}

@incollection{dow2010psychology,
  booktitle={The Elgar Companion to Hyman Minsky},
  title={The Psychology of Financial Markets: Keynes, Minsky and Emotional Finance},
  editor={Papadimitriou, Dimitri and Wray, L Randall},
  author={Dow, Sheila},
  pages={246--62},
  year={2010},
  publisher={Edward Elgar Publishing}
}

@book{deringer2018calculated,
  title={Calculated values: Finance, politics, and the quantitative age},
  author={Deringer, William},
  year={2018},
  publisher={Harvard University Press}
}

@book{dale2004first,
  title={The first crash: lessons from the South Sea Bubble},
  author={Dale, Richard},
  year={2004},
  publisher={Princeton University Press}
}

@article{temin2004riding,
  title={Riding the south sea bubble},
  author={Temin, Peter and Voth, Hans-Joachim},
  journal={American Economic Review},
  volume={94},
  number={5},
  pages={1654--1668},
  year={2004}
}

@book{goldgar2008tulipmania,
  title={Tulipmania: money, honor, and knowledge in the Dutch Golden Age},
  author={Goldgar, Anne},
  year={2008},
  publisher={University of Chicago Press}
}

@book{beckert2018uncertain,
  title={Uncertain futures: Imaginaries, narratives, and calculation in the economy},
  author={Beckert, Jens and Bronk, Richard},
  year={2018},
  publisher={Oxford University Press}
}

@article{abolafia2010narrative,
  title={Narrative construction as sensemaking: How a central bank thinks},
  author={Abolafia, Mitchel Y},
  journal={Organization studies},
  volume={31},
  number={3},
  pages={349--367},
  year={2010},
  publisher={SAGE Publications Sage UK: London, England}
}

@article{tuckett2020monetary,
  title={Monetary policy and the management of uncertainty: A narrative approach},
  author={Tuckett, David and Holmes, Douglas and Pearson, Alice and Chaplin, Graeme and others},
  journal={Bank of England Staff Working Papers},
  volume={870},
  url={https://www.ssrn.com/abstract=3627721},
  pages={1--28},
  year={2020}
}

@book{holmes2013economy,
  title={Economy of words: communicative imperatives in central banks},
  author={Holmes, Douglas R},
  year={2013},
  publisher={University of Chicago Press}
}

@article{alsvik2020historiografi,
abstract = {Sammendrag Tidligere analyser av historiefaget og historieskrivingens utvikling har vært basert på nærlesning av et begrenset utvalg tekster. Nå har Nasjonalbibliotekets omfattende digitaliseringsprosjekt gjort det mulig å bruke datamaskinelle metoder til å gjøre kvantitative analyser av større tekstmengder. I denne artikkelen undersøker vi om kvantitative innholdsanalyser basert på datamaskinell fjernlesning kan representere et supplement eller korrektiv til klassisk nærlesning. Artikkelen retter søkelyset mot hvordan kvinners liv og virke har vært behandlet i by- og bygdeboklitteraturen. Bygdebøkene vi analyserer handler om 1800-og 1900-tallets historie, og er skrevet mellom 1970 og 2015. Dataprogrammene vi bruker er opprinnelig utviklet for å kartlegge ordforekomster og narrative strukturer i skjønnlitterære verker, men har også vist seg egnet til å analysere og sammenligne historiefaglige tekster. I løpet av perioden vi har studert, er det i by- og bygdeboklitteraturen skjedd en målbar økning i bruk av ord og fraser som refererer til kvinners liv og virke. Dette er særlig tydelig i bøker skrevet av kvinner. Datamaskinell fjernlesning representerer et svært effektivt heuristisk verktøy og resultatene har høy grad av etterprøvbarhet. Men vi er mer usikre på hvor godt resultatene faktisk måler signifikante endringer i by- og bygdeboklitteraturens behandling av kvinners historie.},
journal = {Heimen},
pages = {201--215},
volume = {57},
publisher = {Universitetsforlaget},
number = {3},
year = {2020},
title = {Historiografi m{\o}ter algoritmer},
author = {Ola Alsvik and Marthe Glad Munch-M{\o}ller}
}

@inproceedings{mimno2014low,
  title={Low-dimensional embeddings for interpretable anchor-based topic inference},
  author={Mimno, David and Lee, Moontae},
  booktitle={Proceedings of the 2014 Conference on Empirical Methods in Natural Language Processing (EMNLP)},
  pages={1319--1328},
  year={2014}
}

@article{dehler2020topic,
  title={Topic Modeling Uncovers Shifts in Media Framing of the German Renewable Energy Act},
  author={Dehler-Holland, Joris and Schumacher, Kira and Fichtner, Wolf},
  journal={Patterns},
  pages={100169},
  year={2020},
  publisher={Elsevier}
}

@book{montfort2016exploratory,
  title={Exploratory programming for the arts and humanities},
  author={Montfort, Nick},
  year={2016},
  publisher={MIT Press}
}

@book{mullen2018computational,
  title={Computational Historical Thinking: With Applications in {R}},
  author={Mullen, Lincoln},
  url={https://dh-r.lincolnmullen.com},
  year={2018--}
}

@book{karpsdorppython,
  title={Python Programming for the Humanities},
  author={Karsdorp, Folgert},
  url={http://www.karsdorp.io/python-course/}
}

@book{sinclair2018art,
  title={The Art of Literary Text Analysis},
  author={Sinclair, Stéfan and Rockwell, Geoffrey and Mony, Melissa},
  url={https://github.com/sgsinclair/alta/blob/master/ipynb/ArtOfLiteraryTextAnalysis.ipynb},
  year={2018}
}

@book{bird2009natural,
  title={Natural language processing with Python: analyzing text with the natural language toolkit},
  author={Bird, Steven and Klein, Ewan and Loper, Edward},
  year={2009},
  publisher={" O'Reilly Media, Inc."}
}

@book{walshintroduction,
  title={Introduction to Text Analysis: A Coursebook},
  author={Walsh, Brandon Walsh and Horowitz, Sarah},
  url={http://walshbr.com/textanalysiscoursebook/}
}

@book{arnold2015humanities,
  title={Humanities data in {R}: Exploring networks, geospatial data, images, and text},
  author={Arnold, Taylor and Tilton, Lauren},
  year={2015},
  publisher={Springer}
}

@book{wickham2016r,
  title={{R} for data science: import, tidy, transform, visualize, and model data},
  author={Wickham, Hadley and Grolemund, Garrett},
  year={2016},
  url={https://r4ds.had.co.nz/},
  publisher={O'Reilly Media, Inc.}
}

@article{peters2018deep,
  title={Deep contextualized word representations},
  author={Peters, Matthew E and Neumann, Mark and Iyyer, Mohit and Gardner, Matt and Clark, Christopher and Lee, Kenton and Zettlemoyer, Luke},
  journal={arXiv preprint arXiv:1802.05365},
  year={2018}
}

@article{smith2019contextual,
  title={Contextual word representations: A contextual introduction},
  author={Smith, Noah A},
  journal={arXiv preprint arXiv:1902.06006},
  year={2019}
}

@article{terechshenko2020comparison,
  title={A comparison of methods in political science text classification: Transfer learning language models for politics},
  author={Terechshenko, Zhanna and Linder, Fridolin and Padmakumar, Vishakh and Liu, Michael and Nagler, Jonathan and Tucker, Joshua A and Bonneau, Richard},
  journal={Available at SSRN},
  year={2020}
}

@inproceedings{masson2020nlp,
  title={{NLP} analytics in finance with {DoRe}: A {French} 250 million-token corpus of corporate annual reports},
  author={Masson, Corentin and Paroubek, Patrick},
  booktitle={Proceedings of The 12th Language Resources and Evaluation Conference},
  pages={2261--2267},
  year={2020}
}

@article{mishev2020evaluation,
  title={Evaluation of sentiment analysis in finance: from lexicons to transformers},
  author={Mishev, Kostadin and Gjorgjevikj, Ana and Vodenska, Irena and Chitkushev, Lubomir T and Trajanov, Dimitar},
  journal={IEEE Access},
  volume={8},
  pages={131662--131682},
  year={2020},
  publisher={IEEE}
}

@book{mitchell2018web,
  title={Web scraping with Python: Collecting more data from the modern web},
  author={Mitchell, Ryan},
  year={2018},
  publisher={" O'Reilly Media, Inc."}
}

@inproceedings{zhu2015aligning,
  title={Aligning books and movies: Towards story-like visual explanations by watching movies and reading books},
  author={Zhu, Yukun and Kiros, Ryan and Zemel, Rich and Salakhutdinov, Ruslan and Urtasun, Raquel and Torralba, Antonio and Fidler, Sanja},
  booktitle={Proceedings of the IEEE international conference on computer vision},
  pages={19--27},
  year={2015}
}

@article{devlin2018bert,
  title={Bert: Pre-training of deep bidirectional transformers for language understanding},
  author={Devlin, Jacob and Chang, Ming-Wei and Lee, Kenton and Toutanova, Kristina},
  journal={arXiv preprint arXiv:1810.04805},
  year={2018}
}

@article{manjoo2020you,
  title={How Do You Know a Human Wrote This},
  author={Manjoo, Fahrad},
  journal={New York Times, Editorial},
  volume={29},
  year={2020}
}

@article{brown2020language,
  title={Language models are few-shot learners},
  author={Brown, Tom B and Mann, Benjamin and Ryder, Nick and Subbiah, Melanie and Kaplan, Jared and Dhariwal, Prafulla and Neelakantan, Arvind and Shyam, Pranav and Sastry, Girish and Askell, Amanda and others},
  journal={arXiv preprint arXiv:2005.14165},
  year={2020}
}

@article{radford2018improving,
  title={Improving language understanding by generative pre-training},
  author={Radford, Alec and Narasimhan, Karthik and Salimans, Tim and Sutskever, Ilya},
  year={2018}
}

@article{lamoreaux2015future,
  title={The future of economic history must be interdisciplinary},
  author={Lamoreaux, Naomi},
  journal={The Journal of Economic History},
  volume={75},
  number={4},
  pages={1251--1257},
  year={2015},
  publisher={JSTOR}
}

@article{roberts2019stm,
  title={Stm: An R package for structural topic models},
  author={Roberts, Margaret E and Stewart, Brandon M and Tingley, Dustin},
  journal={Journal of Statistical Software},
  volume={91},
  number={1},
  pages={1--40},
  year={2019}
}

@article{benoit2018quanteda,
  title={quanteda: An R package for the quantitative analysis of textual data},
  author={Benoit, Kenneth and Watanabe, Kohei and Wang, Haiyan and Nulty, Paul and Obeng, Adam and M{\"u}ller, Stefan and Matsuo, Akitaka},
  journal={Journal of Open Source Software},
  volume={3},
  number={30},
  pages={774},
  year={2018}
}

@article{guldi2019measures,
  title={The Measures of Modernity: The New Quantitative Metrics of Historical Change Over Time and Their Critical Interpretation},
  author={Guldi, Jo},
  journal={International Journal for History, Culture and Modernity},
  volume={7},
  number={1},
  pages={899--939},
  year={2019},
  publisher={Brill}
}

@article{evans2016machine,
  title={Machine translation: Mining text for social theory},
  author={Evans, James A and Aceves, Pedro},
  journal={Annual Review of Sociology},
  volume={42},
  pages={21--50},
  year={2016},
  publisher={Annual Reviews}
}

@article{ferguson,
  title={Narrative and computational text analysis in business and economic history},
  author={Ferguson-Cradler, Gregory},
  journal={Scandinavian Review of Economic History},
  %volume={35},
  %number={4},
  %pages={798--813},
  year={forthecoming},
  %publisher={The University of Chicago Press}
}